@misc{salimans2018learningmontezumasrevengesingle,
      title={Learning Montezuma's Revenge from a Single Demonstration}, 
      author={Tim Salimans and Richard Chen},
      year={2018},
      eprint={1812.03381},
      archivePrefix={arXiv},
      primaryClass={cs.LG},
      url={https://arxiv.org/abs/1812.03381}, 
}

@misc{hester2017deepqlearningdemonstrations,
      title={Deep Q-learning from Demonstrations}, 
      author={Todd Hester and Matej Vecerik and Olivier Pietquin and Marc Lanctot and Tom Schaul and Bilal Piot and Dan Horgan and John Quan and Andrew Sendonaris and Gabriel Dulac-Arnold and Ian Osband and John Agapiou and Joel Z. Leibo and Audrunas Gruslys},
      year={2017},
      eprint={1704.03732},
      archivePrefix={arXiv},
      primaryClass={cs.AI},
      url={https://arxiv.org/abs/1704.03732}, 
}

@misc{laidlaw2024bridgingrltheorypractice,
      title={Bridging RL Theory and Practice with the Effective Horizon}, 
      author={Cassidy Laidlaw and Stuart Russell and Anca Dragan},
      year={2024},
      eprint={2304.09853},
      archivePrefix={arXiv},
      primaryClass={cs.LG},
      url={https://arxiv.org/abs/2304.09853}, 
}